%! Author = chicken1925
%! Date = 2020/10/12

